@misc{mikeandike,
  title={Quantum computation and quantum information},
  author={Nielsen, Michael A and Chuang, Isaac},
  year={2010},
  publisher={AAPT}
}
